%%
% 参考文献
% 本模板文后参考文献格式采用国家标准《文后参考文献著录规则》中的标准形式
%参考文献是毕业设计(论文)不可缺少的组成部分，它反映毕业设计(论文)的取材来源、材料的广博程度和材料的可靠程度，也是作者对他人知识成果的承认和尊重。一份完整的参考文献可向读者提供一份有价值的信息资料。
%“参考文献”为论文中所有引文、引用观点以及对论文有重要影响和启发的文献
%参考文献出处最好为高档次杂志期刊及会议论文：
%毕业论文中，参考所涉及到的网络文章、政府文件等非标准文献，在文中以脚注形式出现。
%不要大量引用博士硕士论文
%%

%期刊文章
@InProceedings{Godard2019,
author = {Godard, Clement and Mac Aodha, Oisin and Firman, Michael and Brostow, Gabriel J.},
title = {Digging Into Self-Supervised Monocular Depth Estimation},
booktitle = {Proceedings of the IEEE/CVF International Conference on Computer Vision},
pages = {1209-1218},
year = {2019}
} 
@inproceedings{paszke2019pytorch,
  title={Pytorch: An imperative style, high-performance deep learning library},
  author={Paszke, Adam and Gross, Sam and Massa, Francisco and Lerer, Adam and Bradbury, James and Chanan, Gregory and Killeen, Trevor and Lin, Zeming and Gimelshein, Natalia and Antiga, Luca and others},
  booktitle={Advances in neural information processing systems},
  pages={8026--8037},
  year={2019}
}


@INPROCEEDINGS{FuCVPR18-DORN,  
author={Fu, Huan and Gong, Mingming and Wang, Chaohui and Batmanghelich, Kayhan and Tao, Dacheng},  
booktitle={IEEE/CVF Conference on Computer Vision and Pattern Recognition},   
title={Deep Ordinal Regression Network for Monocular Depth Estimation},   
year={2018},  
volume={},  
number={},  
pages={2002-2011}}
@inproceedings{laina2016deeper,
        author={Laina, Iro and Rupprecht, Christian and Belagiannis, Vasileios and Tombari, Federico and Navab, Nassir},
        title={Deeper depth prediction with fully convolutional residual networks},
        booktitle={Proceedings of the IEEE/CVF International Conference on 3D Vision},
        pages={239--248},
        year={2016},
}

@INPROCEEDINGS{zhou2017unsupervised,  
author={T. Zhou and M. Brown and N. Snavely and D. G. Lowe},  
booktitle={IEEE Conference on Computer Vision and Pattern Recognition}, 
  title={Unsupervised Learning of Depth and Ego-Motion from Video},
     year={2017},  volume={},  number={},  pages={6612-6619},  
}

@inproceedings{saxena2006learning,
  author={Saxena, Ashutosh and Chung, Sung H and Ng, Andrew Y},
  title={Learning depth from single monocular images},
  booktitle={Advances in neural information processing systems},
  pages={1161--1168},
  year={2006}
}

@inproceedings{eigen2014depth,
  author={Eigen, David and Puhrsch, Christian and Fergus, Rob},
  title={Depth map prediction from a single image using a multi-scale deep network},
  booktitle={Advances in neural information processing systems},
  pages={2366--2374},
  year={2014}
}


@inproceedings{zou2010method,
  title={A method of stereo vision matching based on OpenCV},
  author={Zou, Ling and Li, Yan},
  booktitle={International Conference on Audio, Language and Image Processing},
  pages={185--190},
  year={2010},
}
@article{cao2015summary,
  title={Summary of binocular stereo vision matching technology},
  author={Cao, ZhiLe and Yan, ZhongHong and Wang, Hong},
  journal={Journal of Chongqing University of Technology (Natural Science)},
  volume={29},
  number={2},
  pages={70--75},
  year={2015}
}

@article{ullman1979interpretation,
  title={The interpretation of structure from motion},
  author={Ullman, Shimon},
  journal={Proceedings of the Royal Society of London. Series B. Biological Sciences},
  volume={203},
  number={1153},
  pages={405--426},
  year={1979},
  publisher={The Royal Society London}
}

@article{kitti,
  title={Vision meets robotics: The kitti dataset},
  author={Geiger, Andreas and Lenz, Philip and Stiller, Christoph and Urtasun, Raquel},
  journal={The International Journal of Robotics Research},
  volume={32},
  number={11},
  pages={1231--1237},
  year={2013},
  publisher={Sage Publications Sage UK: London, England}
}

@inproceedings{nyu,
  author    = {Nathan Silberman, Derek Hoiem, Pushmeet Kohli and Rob Fergus},
  title     = {Indoor Segmentation and Support Inference from RGBD Images},
  booktitle = {European Conference on Computer Vision},
  pages={746--760},
  year= {2012}
}

@inproceedings{yoneda2014lidar,
  title={Lidar scan feature for localization with highly precise 3-D map},
  author={Yoneda, Keisuke and Tehrani, Hossein and Ogawa, Takashi and Hukuyama, Naohisa and Mita, Seiichi},
  booktitle={IEEE Intelligent Vehicles Symposium Proceedings},
  pages={1345--1350},
  year={2014},
}

@article{zhang2012microsoft,
  title={Microsoft kinect sensor and its effect},
  author={Zhang, Zhengyou},
  journal={IEEE Multimedia},
  volume={19},
  number={2},
  pages={4--10},
  year={2012}
}
@article{10.1145/3065386,
author = {Krizhevsky, Alex and Sutskever, Ilya and Hinton, Geoffrey E.},
title = {ImageNet Classification with Deep Convolutional Neural Networks},
year = {2017},
issue_date = {June 2017},
publisher = {Association for Computing Machinery},
volume = {60},
number = {6},
issn = {0001-0782},
doi = {10.1145/3065386},
journal = {Commun. ACM},
month = may,
pages = {84–90},
numpages = {7}
}
@INPROCEEDINGS{eigenthreetasks,
  author={D. Eigen and R. Fergus},
  booktitle={IEEE International Conference on Computer Vision}, 
  title={Predicting Depth, Surface Normals and Semantic Labels with a Common Multi-scale Convolutional Architecture}, 
  year={2015},
  volume={},
  number={},
  pages={2650-2658},
}

@inproceedings{liu2015deep,
  title={Deep convolutional neural fields for depth estimation from a single image},
  author={Liu, Fayao and Shen, Chunhua and Lin, Guosheng},
  booktitle={Proceedings of the IEEE conference on computer vision and pattern recognition},
  pages={5162--5170},
  year={2015}
}

@article{liu2015learning,
  title={Learning depth from single monocular images using deep convolutional neural fields},
  author={Liu, Fayao and Shen, Chunhua and Lin, Guosheng and Reid, Ian},
  journal={IEEE transactions on pattern analysis and machine intelligence},
  volume={38},
  number={10},
  pages={2024--2039},
  year={2015},
}

@inproceedings{li2015depth,
  title={Depth and surface normal estimation from monocular images using regression on deep features and hierarchical crfs},
  author={Li, Bo and Shen, Chunhua and Dai, Yuchao and Van Den Hengel, Anton and He, Mingyi},
  booktitle={Proceedings of the IEEE conference on computer vision and pattern recognition},
  pages={1119--1127},
  year={2015}
}
@article{cao2017estimating,
  title={Estimating depth from monocular images as classification using deep fully convolutional residual networks},
  author={Cao, Yuanzhouhan and Wu, Zifeng and Shen, Chunhua},
  journal={IEEE Transactions on Circuits and Systems for Video Technology},
  volume={28},
  number={11},
  pages={3174--3182},
  year={2017},
}
@inproceedings{garg2016unsupervised,
  title={Unsupervised cnn for single view depth estimation: Geometry to the rescue},
  author={Garg, Ravi and Bg, Vijay Kumar and Carneiro, Gustavo and Reid, Ian},
  booktitle={IEEE European conference on computer vision},
  pages={740--756},
  year={2016},
  organization={Springer}
}
@inproceedings{godard2017unsupervised,
  title={Unsupervised monocular depth estimation with left-right consistency},
  author={Godard, Cl{\'e}ment and Mac Aodha, Oisin and Brostow, Gabriel J},
  booktitle={Proceedings of the IEEE Conference on Computer Vision and Pattern Recognition},
  pages={270--279},
  year={2017}
}

@INPROCEEDINGS{kuznietsov,  
author={Y. Kuznietsov and J. Stückler and B. Leibe},  
booktitle={IEEE Conference on Computer Vision and Pattern Recognition},   
title={Semi-Supervised Deep Learning for Monocular Depth Map Prediction},   
year={2017},  volume={},  number={},  
pages={2215-2223},  
}

@inproceedings{lee2019monocular,
  title={Monocular depth estimation using relative depth maps},
  author={Lee, Jae-Han and Kim, Chang-Su},
  booktitle={Proceedings of the IEEE Conference on Computer Vision and Pattern Recognition},
  pages={9729--9738},
  year={2019}
}

@inproceedings{chen2016,
 author = {Chen, Weifeng and Fu, Zhao and Yang, Dawei and Deng, Jia},
 booktitle = {Advances in Neural Information Processing Systems},
 editor = {D. Lee and M. Sugiyama and U. Luxburg and I. Guyon and R. Garnett},
 pages = {730--738},
 title = {Single-Image Depth Perception in the Wild},
 volume = {29},
 year = {2016}
}

@INPROCEEDINGS{2016semantic,
  author={A. Mousavian and H. Pirsiavash and J. Košecká},
  booktitle={International Conference on 3D Vision}, 
  title={Joint Semantic Segmentation and Depth Estimation with Deep Convolutional Networks}, 
  year={2016},
  volume={},
  number={},
  pages={611-619},
}

@INPROCEEDINGS{2015semantic,
author={ Peng Wang and  Xiaohui Shen and  Zhe Lin and S. {Cohen} and B. Price and A. Yuille},
booktitle={IEEE Conference on Computer Vision and Pattern Recognition}, 
title={Towards unified depth and semantic prediction from a single image}, 
year={2015},
volume={},
number={},
pages={2800-2809},
}

@INPROCEEDINGS{2019semantic,  
author={P. Chen and A. H. Liu and Y. Liu and Y. F. Wang},  
booktitle={IEEE/CVF Conference on Computer Vision and Pattern Recognition},   
title={Towards Scene Understanding: Unsupervised Monocular Depth Estimation With Semantic-Aware Representation},   
year={2019},  volume={},  number={},  pages={2619-2627},  
}

@article{hinton2015distilling,
  title={Distilling the knowledge in a neural network},
  author={Hinton, Geoffrey and Vinyals, Oriol and Dean, Jeff},
  journal={arXiv preprint arXiv:1503.02531},
  year={2015}
}
@article{romero2014fitnets,
  title={Fitnets: Hints for thin deep nets},
  author={Romero, Adriana and Ballas, Nicolas and Kahou, Samira Ebrahimi and Chassang, Antoine and Gatta, Carlo and Bengio, Yoshua},
  journal={arXiv preprint arXiv:1412.6550},
  year={2014}
}
@article{anil2018large,
  title={Large scale distributed neural network training through online distillation},
  author={Anil, Rohan and Pereyra, Gabriel and Passos, Alexandre and Ormandi, Robert and Dahl, George E and Hinton, Geoffrey E},
  journal={arXiv preprint arXiv:1804.03235},
  year={2018}
}
@INPROCEEDINGS{zhang_self_distillation,  
author={L. {Zhang} and J. {Song} and A. {Gao} and J. {Chen} and C. {Bao} and K. {Ma}},  
booktitle={IEEE/CVF International Conference on Computer Vision },   
title={Be Your Own Teacher: Improve the Performance of Convolutional Neural Networks via Self Distillation},
year={2019},  volume={},  number={},  pages={3712-3721}}

@article{bts,
  author    = {Jin Han Lee and
               Myung{-}Kyu Han and
               Dong Wook Ko and
               Il Hong Suh},
  title     = {From Big to Small: Multi-Scale Local Planar Guidance for Monocular
               Depth Estimation},
  year      = {2019},
}

@InProceedings{DABC,
author="Li, Ruibo
and Xian, Ke
and Shen, Chunhua
and Cao, Zhiguo
and Lu, Hao
and Hang, Lingxiao",
title="Deep Attention-Based Classification Network for Robust Depth Prediction",
booktitle="Asian Conference of Computer Vision",
year="2019",
publisher="Springer International Publishing",
pages="663--678",
}
@ARTICLE{Make3D,
  author={A. Saxena and M. Sun and A. Y. Ng}, 
   journal={IEEE Transactions on Pattern Analysis and Machine Intelligence},
   title={Make3D: Learning 3D Scene Structure from a Single Still Image},
   year={2009}, 
    volume={31},  
    number={5},
     pages={824-840} 
}

@misc{nyu-toolbox,
  author = {Nathan Silberman, Derek Hoiem, Pushmeet Kohli and Rob Fergus},
  title = {Indoor Segmentation and Support Inference from RGBD Images},
note = {\url{https://cs.nyu.edu/~silberman/datasets/nyu_depth_v2.html}}
}

@inproceedings{xu2018structured,
  title={Structured attention guided convolutional neural fields for monocular depth estimation},
  author={Xu, Dan and Wang, Wei and Tang, Hao and Liu, Hong and Sebe, Nicu and Ricci, Elisa},
  booktitle={Proceedings of the IEEE conference on computer vision and pattern recognition},
  pages={3917--3925},
  year={2018}
}
@article{chakrabarti2016depth,
  title={Depth from a single image by harmonizing overcomplete local network predictions},
  author={Chakrabarti, Ayan and Shao, Jingyu and Shakhnarovich, Gregory},
  journal={arXiv preprint arXiv:1605.07081},
  year={2016}
}

@INPROCEEDINGS{frustumpointnet,  
author={C. R. {Qi} and W. {Liu} and C. {Wu} and H. {Su} and L. J. {Guibas}},  
booktitle={IEEE/CVF Conference on Computer Vision and Pattern Recognition},   
title={Frustum PointNets for 3D Object Detection from RGB-D Data},   
year={2018},  
volume={},  
number={},  
pages={918-927},  
doi={10.1109/CVPR.2018.00102}
}

@ARTICLE{RT3D,  
author={Y. {Zeng} and Y. {Hu} and S. {Liu} and J. {Ye} and Y. {Han} and X. {Li} and N. {Sun}},  
journal={IEEE Robotics and Automation Letters},   
title={RT3D: Real-Time 3-D Vehicle Detection in LiDAR Point Cloud for Autonomous Driving},   
year={2018},  volume={3},  number={4},  
pages={3434-3440}}

@INPROCEEDINGS{PointRCNN,  author={S. {Shi} and X. {Wang} and H. {Li}},  
booktitle={IEEE/CVF Conference on Computer Vision and Pattern Recognition},   
title={PointRCNN: 3D Object Proposal Generation and Detection From Point Cloud},   
year={2019},  volume={},  number={},  
pages={770-779}}

@article{dai2017bundlefusion,
  title={BundleFusion: Real-time Globally Consistent 3D Reconstruction using On-the-fly Surface Re-integration},
  author={Dai, Angela and Nie{\ss}ner, Matthias and Zoll{\"o}fer, Michael and Izadi, Shahram and Theobalt, Christian},
  journal={ACM Transactions on Graphics 2017 (TOG)},
  year={2017}
}
@article{ElasticFusion,
author = {Whelan, Thomas and Salas-Moreno, Renato F and Glocker, Ben and Davison, Andrew J and Leutenegger, Stefan},
title = {ElasticFusion},
year = {2016},
volume = {35},
number = {14},
journal = {Int. J. Rob. Res.},
pages = {1697–1716},
numpages = {20},
}
@inproceedings{mrslasermap,
author = {Droeschel, David and Behnke, Sven},
booktitle = {RoboCup 2016: Robot World Cup},
pages = {319--326},
publisher = {Springer International Publishing},
title = {MRSLaserMap: Local Multiresolution Grids for Efficient 3D Laser Mapping and Localization},
year = {2017}
}

@INPROCEEDINGS{RoutedFusion,
  author={S. {Weder} and J. {Schönberger} and M. {Pollefeys} and M. R. {Oswald}},  
  booktitle={IEEE/CVF Conference on Computer Vision and Pattern Recognition (CVPR)},   
  title={RoutedFusion: Learning Real-Time Depth Map Fusion},   
  year={2020},  
  volume={},  
  number={},  
  pages={4886-4896}  
  }

@inproceedings{saxena2007,
  title={Depth estimation using monocular and stereo cues},
  author={ Saxena, A.  and  Schulte, J.  and  Ng, A. Y. },
  booktitle={International Joint Conference on Artifical Intelligence},
  year={2007},
}

@INPROCEEDINGS{zoran2015learning,  
author={D. Zoran and P. Isola and D. Krishnan and W. T. Freeman},  
booktitle={IEEE International Conference on Computer Vision},   
title={Learning Ordinal Relationships for Mid-Level Vision},   
year={2015},  
volume={},  
number={},  
pages={388-396}}

@article{lecun2010mnist,
  title={MNIST handwritten digit database},
  author={LeCun, Yann and Cortes, Corinna and Burges, CJ},
  journal={ATT Labs},
  volume={2},
  year={2010}
}

@article{krizhevsky,
author = {Krizhevsky, A. and Hinton, G.},
year = {2009},
month = {01},
pages = {},
title = {Learning multiple layers of features from tiny images},
volume = {1},
journal = {Computer Science Department, University of Toronto, Tech. Rep}
}
@INPROCEEDINGS{imagenet,  
author={J. Deng and W. Dong and R. Socher and L. Li and  Kai Li and  {Li Fei-Fei}},  
booktitle={IEEE Conference on Computer Vision and Pattern Recognition},   
title={ImageNet: A large-scale hierarchical image database},   
year={2009},  
volume={},  
number={},  
pages={248-255}  
}

@InProceedings{coco,
author="Lin, Tsung-Yi
and Maire, Michael
and Belongie, Serge
and Hays, James
and Perona, Pietro
and Ramanan, Deva
and Doll{\'a}r, Piotr
and Zitnick, C. Lawrence",
title="Microsoft COCO: Common Objects in Context",
booktitle="Europen Conference on Computer Vision",
year="2014",
publisher="Springer International Publishing",
pages="740--755"
}
@inproceedings{cityscapes,
title={The Cityscapes Dataset for Semantic Urban Scene Understanding},
author={Cordts, Marius and Omran, Mohamed and Ramos, Sebastian and Rehfeld, Timo and Enzweiler, Markus and Benenson, Rodrigo and Franke, Uwe and Roth, Stefan and Schiele, Bernt},
booktitle={Proceeding of the IEEE Conference on Computer Vision and Pattern Recognition},
year={2016}
}
@inproceedings{scannet,
    title={ScanNet: Richly-annotated 3D Reconstructions of Indoor Scenes},
    author={Dai, Angela and Chang, Angel X. and Savva, Manolis and Halber, Maciej and Funkhouser, Thomas and Nie{\ss}ner, Matthias},
    booktitle = {Proceeding of the IEEE Conference on  Computer Vision and Pattern Recognition},
    year = {2017}
}

@InProceedings{middlebury,
author="Scharstein, Daniel
and Hirschm{\"u}ller, Heiko
and Kitajima, York
and Krathwohl, Greg
and Ne{\v{s}}i{\'{c}}, Nera
and Wang, Xi
and Westling, Porter",
title="High-Resolution Stereo Datasets with Subpixel-Accurate Ground Truth",
booktitle="Pattern Recognition",
year="2014",
publisher="Springer International Publishing",
pages="31--42"
}
@InProceedings{unet,
  author       = "O. Ronneberger and P.Fischer and T. Brox",
  title        = "U-Net: Convolutional Networks for Biomedical Image Segmentation",
  booktitle    = "Medical Image Computing and Computer-Assisted Intervention",
  volume       = "9351",
  pages        = "234--241",
  year         = "2015",
  publisher    = "Springer"
}
@inproceedings{vgg,
  author    = {Karen Simonyan and
               Andrew Zisserman},
  editor    = {Yoshua Bengio and
               Yann LeCun},
  title     = {Very Deep Convolutional Networks for Large-Scale Image Recognition},
  booktitle = {3rd International Conference on Learning Representations},
  year      = {2015},
}
@ARTICLE{lenet,  author={Y. Lecun and L. Bottou and Y. Bengio and P. Haffner},  
journal={Proceedings of the IEEE},   
title={Gradient-based learning applied to document recognition},   
year={1998},  volume={86},  number={11},  
pages={2278-2324}}
@article{2014adam,
  title={Adam: A Method for Stochastic Optimization},
  author={ Kingma, D.  and  Ba, J. },
  journal={Computer Science},
  year={2014},
}
@inproceedings{pm,
  title={基于像素分类的单目深度估计网络},
  author={潘孟 and 张欢荣 and 金枝 and 韩瑜},
  booktitle={China Automation Congress},
  year={2020}
}
@inproceedings{senet,
  title={Squeeze-and-Excitation Networks},
  author={Jie Hu and Li Shen and Gang Sun},
  journal={IEEE Conference on Computer Vision and Pattern Recognition},
  pages={984-1003},
  year={2018},
}