@proceedings{fgsm,
  title           = {Explaining and Harnessing Adversarial Examples},
  year            = {2015},
  editor          = {Ian J. Goodfellow and Jonathon Shlens and Christian Szegedy},
  volume          = {1412.6572},
  series          = {},
  published       = {ICLR}
}
@proceedings{ifgsm,
  title           = {Adversarial Examples in the Physical World},
  year            = {2017},
  editor          = {Alexey Kurakin and Ian J. Goodfellow and Samy Bengio },
  volume          = {},
  series          = {},
  published       = {ICLR}
}
@proceedings{pgd,
  title           = {Towards Deep Learning Models Resistant to Adversarial},
  booktitle       = {ICLR},
  year            = {2018},
  author = {Aleksander Madry, Aleksandar Makelov, Ludwig Schmidt, Dimitris Tsipras, Adrian Vladu},
  volume          = {},
  series          = {},
  published       = {}
}
@proceedings{raa,
  title           = {Is Robustness the Cost of Accuracy? -- A Comprehensive Study on the Robustness of 18 Deep Image Classification Models},
  year            = {2018},
  booktitle       = {ECCV},
  editor          = {Dong Su and Huan Zhang and Hongge Chen and Jinfeng Yi and Pin-Yu Chen and Yupeng Gao},
  volume          = {},
  series          = {},
  published       = {}
}
@InProceedings{deepfool,
author = {Moosavi-Dezfooli, Seyed-Mohsen and Fawzi, Alhussein and Frossard, Pascal},
title = {DeepFool: A Simple and Accurate Method to Fool Deep Neural Networks},
booktitle = {CVPR},
month = {June},
year = {2016}
}
@INPROCEEDINGS{cw,  
author={Carlini, Nicholas and Wagner, David},  
booktitle={2017 IEEE Symposium on Security and Privacy (SP)},   
title={Towards Evaluating the Robustness of Neural Networks},   
year={2017},  
volume={},  
number={},  
pages={39-57},  
doi={10.1109/SP.2017.49}}

@inproceedings{nipsmdeattack,
 author = {Wong, Alex and Cicek, Safa and Soatto, Stefano},
 booktitle = {Advances in Neural Information Processing Systems},
 editor = {H. Larochelle and M. Ranzato and R. Hadsell and M. F. Balcan and H. Lin},
 pages = {8486--8497},
 publisher = {Curran Associates, Inc.},
 title = {Targeted Adversarial Perturbations for Monocular Depth Prediction},
 url = {https://proceedings.neurips.cc/paper/2020/file/609e9d4bcc8157c00808993f612f1acd-Paper.pdf},
 volume = {33},
 year = {2020}
}
@INPROCEEDINGS{fastdepth,
  author={Wofk, Diana and Ma, Fangchang and Yang, Tien-Ju and Karaman, Sertac and Sze, Vivienne},
  booktitle={2019 International Conference on Robotics and Automation (ICRA)}, 
  title={FastDepth: Fast Monocular Depth Estimation on Embedded Systems}, 
  year={2019},
  volume={},
  number={},
  pages={6101-6108},
  doi={10.1109/ICRA.2019.8794182}}

@InProceedings{nyudepthv2,
author="Silberman, Nathan
and Hoiem, Derek
and Kohli, Pushmeet
and Fergus, Rob",
editor="Fitzgibbon, Andrew
and Lazebnik, Svetlana
and Perona, Pietro
and Sato, Yoichi
and Schmid, Cordelia",
title="Indoor Segmentation and Support Inference from RGBD Images",
booktitle="Computer Vision -- ECCV 2012",
year="2012",
publisher="Springer Berlin Heidelberg",
address="Berlin, Heidelberg",
pages="746--760",
isbn="978-3-642-33715-4"
}
@inproceedings{nipsdefensepatch,
 author = {Levine, Alexander and Feizi, Soheil},
 booktitle = {Advances in Neural Information Processing Systems},
 editor = {H. Larochelle and M. Ranzato and R. Hadsell and M. F. Balcan and H. Lin},
 pages = {6465--6475},
 publisher = {Curran Associates, Inc.},
 title = {(De)Randomized Smoothing for Certifiable Defense against Patch Attacks},
 url = {https://proceedings.neurips.cc/paper/2020/file/47ce0875420b2dbacfc5535f94e68433-Paper.pdf},
 volume = {33},
 year = {2020}
}
@inproceedings{vaegan,
 author = {Gur, Shir and Benaim, Sagie and Wolf, Lior},
 booktitle = {Advances in Neural Information Processing Systems},
 editor = {H. Larochelle and M. Ranzato and R. Hadsell and M. F. Balcan and H. Lin},
 pages = {16761--16772},
 publisher = {Curran Associates, Inc.},
 title = {Hierarchical Patch VAE-GAN: Generating Diverse Videos from a Single Sample},
 url = {https://proceedings.neurips.cc/paper/2020/file/c2f32522a84d5e6357e6abac087f1b0b-Paper.pdf},
 volume = {33},
 year = {2020}
}